@article{blum1983,
	author = {Blum, Manuel},
	title = {Coin Flipping by Telephone - A Protocol for Solving Impossible Problems},
	journaltitle = {SIGACT News},
	date = {1983-01},
	volume = {15},
	number = {1},
	issue = {Winter-Spring},
	pages = {23--27},
	issn = {0163-5700},
	doi = {10.1145/1008908.1008911},
}

@article{brassard1988,
	author = {Brassard, Gilles and Chaum, David and Crépeau, Claude},
	title = {Minimum Disclosure Proofs of Knowledge},
	journaltitle = {Journal of Computer and System Sciences},
	date = {1988-10},
	volume = {37},
	number = {2},
	pages = {156--189},
	issn = {0022-0000},
	doi = {10.1016/0022-0000(88)90005-0},
}

@article{durstenfeld1964,
	author = {Durstenfeld, Richard},
	title = {Algorithm 235: Random permutation},
	journaltitle = {Communications of the ACM},
	date = {1964-07},
	volume = {7},
	number = {7},
	pages = {420},
	issn = {0001-0782},
	doi = {10.1145/364520.364540},
}

@article{gainsbury2013,
	author = {Gainsbury, Sally M. and Parke, Jonathan and Suhonen, Niko},
	title = {Consumer attitudes towards internet gambling: perceptions of responsible gambling policies, consumer protection, and regulation of online gambling sites},
	journaltitle = {Computers in Human Behavior},
	date = {2013-01},
	volume = {29},
	number = {1},
	pages = {235--245},
	doi = {10.1016/j.chb.2012.08.010},
}

@article{naor1991,
	author = {Naor, Moni},
	title = {Bit Commitment Using Pseudorandomness},
	journaltitle = {Journal of Cryptology},
	date = {1991-01},
	volume = {4},
	number = {2},
	pages = {151--158},
	issn = {0933-2790},
	doi = {10.1007/BF00196774},
}

@book{fisheryates1948,
	author = {Fisher, Ronald A. and Yates, Frank},
	title = {Statistical tables for biological, agricultural and medical research},
	date = {1948},
	edition = {3},
	pages = {26--27},
}

@book{goldreich2007,
	author = {Oded Goldreich},
	title = {Foundations of Cryptography: Volume 1, Basic Tools},
	date = {2007-01-18},
	publisher = {Cambridge University Press},
	isbn = {9780521035361},
	doi = {10.1017/CBO9780511546891},
}

@book{kraft2013,
	author={Kraft, James S. and Washington, Lawrence C.},
	title={An Introduction to Number Theory with Cryptography},
	date={2013-08-01},
	publisher={CRC Press},
	isbn={9781482214420},
}

@book{menezes1996,
	author = {Menezes, Alfred J. and van Oorschot, Paul C. and Vanstone, Scott A.},
	title = {Handbook of Applied Cryptography},
	date = {1996-10-16},
	edition = {1},
	series = {Discrete Mathematics and Its Applications},
	publisher = {CRC Press},
	isbn = {9780849385230},
}

@inbook{shamir1981,
	author = {Shamir, Adi and Rivest, Ronald L. and Adleman, Leonard M.},
	title = {Mental Poker},
	booktitle = {The Mathematical Gardner},
	date = {1981},
	editor = {Klarner, David A.},
	isbn = {9781468466867},
	pages = {37--43},
	doi = {10.1007/978-1-4684-6686-7_5},
}

@online{buterin2013,
	author = {Buterin, Vitalik},
	title = {The Bitcoin Gambling Diaspora},
	date = {2013-08-03},
	url = {https://bitcoinmagazine.com/articles/the-bitcoin-gambling-diaspora-1375548799},
	urldate = {2017-06-18},
}

@online{riggedcasinos,
	title = {Are Online Casinos Rigged? We Explore the Facts},
	url = {https://casino.org/rigged-casino-guide},
	urldate = {2017-06-19},
}

@online{seedingevent2015,
	author = {Havar, Ryan},
	title = {Bustabit.com Provably Fair Seeding Event},
	date = {2015-01-12},
	url = {https://bitcointalk.org/index.php?topic=922898},
	urldate = {2017-07-02},
}

@phdthesis{castellaroca2005,
	author = {Jordi Castellà-Roca},
	title = {Contributions to Mental Poker},
	institution = {Universitat Autònoma de Barcelona},
	date = {2005-05},
	url = {https://ddd.uab.cat/pub/tesis/2005/tdx-0131106-193157/jcr1de1.pdf},
	urldate = {2017-08-03},
}

@techreport{rfc2104,
	author = {Krawczyk, Hugo and Bellare, Mihir and Canetti, Ran},
	title = {HMAC: Keyed-Hashing for Message Authentication},
	type = {RFC},
	institution = {RFC Editor},
	date = {1997-02},
	number = {2104},
	doi = {10.17487/RFC2104},
}
